<?xml version="1.0" encoding="UTF-8"?><collection xmlns="http://www.loc.gov/MARC21/slim"><record><leader>00353nam--2200133-i-4500</leader><controlfield tag="001">000019209</controlfield><controlfield tag="002">20161230</controlfield><controlfield tag="005">20161230201033</controlfield><controlfield tag="008">060222s1000------------r-----000-0-eng-d</controlfield><datafield ind1=" " ind2=" " tag="100"><subfield code="a">Englebardt, Stanley L</subfield></datafield><datafield ind1=" " ind2=" " tag="245"><subfield code="a">Electronics</subfield></datafield><datafield ind1=" " ind2=" " tag="260"><subfield code="a">New York, Pyramid Publications, 1963. 175 P</subfield></datafield><datafield ind1=" " ind2=" " tag="490"><subfield code="a">The Worlds Of Science Ws/16 Electronics</subfield></datafield><datafield ind1=" " ind2=" " tag="852"><subfield code="a">33496</subfield></datafield></record></collection>